<record><leader>00000cas a2200000 a 4500</leader><controlfield tag="001">51053321</controlfield><controlfield tag="008">021122d19861986miumr n       0    0eng c</controlfield><datafield ind1=" " ind2=" " tag="010"><subfield code="a">sn2002062256</subfield></datafield><datafield ind1=" " ind2=" " tag="040"><subfield code="a">MHN</subfield><subfield code="b">eng</subfield><subfield code="c">MHN</subfield><subfield code="d">OCLCQ</subfield><subfield code="d">OCLCO</subfield></datafield><datafield ind1="1" ind2=" " tag="029"><subfield code="a">AU@</subfield><subfield code="b">000024221422</subfield></datafield><datafield ind1=" " ind2=" " tag="042"><subfield code="a">pcc</subfield></datafield><datafield ind1=" " ind2=" " tag="043"><subfield code="a">n-us-mi</subfield></datafield><datafield ind1="0" ind2="0" tag="245"><subfield code="a">Forest Hills/Kentwood monthly.</subfield></datafield><datafield ind1="1" ind2="3" tag="246"><subfield code="a">Cadence</subfield></datafield><datafield ind1=" " ind2=" " tag="260"><subfield code="a">East Grand Rapids, Mich. :</subfield><subfield code="b">Susan B. Lovell</subfield></datafield><datafield ind1=" " ind2=" " tag="300"><subfield code="a">v.</subfield></datafield><datafield ind1=" " ind2=" " tag="310"><subfield code="a">Monthly</subfield></datafield><datafield ind1="0" ind2=" " tag="362"><subfield code="a">Vol. 11, no. 18 (May, 1986)-</subfield></datafield><datafield ind1="1" ind2=" " tag="362"><subfield code="a">Ceased in 1986.</subfield></datafield><datafield ind1=" " ind2=" " tag="500"><subfield code="a">"Cadence" appears in upper left-hand corner of masthead.</subfield></datafield><datafield ind1=" " ind2="0" tag="651"><subfield code="a">Kentwood (Mich.)</subfield><subfield code="v">Newspapers.</subfield></datafield><datafield ind1=" " ind2="0" tag="651"><subfield code="a">Forest Hills (Kent County, Mich.)</subfield><subfield code="v">Newspapers.</subfield></datafield><datafield ind1=" " ind2="0" tag="651"><subfield code="a">Grand Rapids (Mich.)</subfield><subfield code="v">Newspapers.</subfield></datafield><datafield ind1=" " ind2="0" tag="651"><subfield code="a">Kent County (Mich.)</subfield><subfield code="v">Newspapers.</subfield></datafield><datafield ind1=" " ind2=" " tag="752"><subfield code="a">United States</subfield><subfield code="b">Michigan</subfield><subfield code="c">Kent</subfield><subfield code="d">Kentwood.</subfield></datafield><datafield ind1=" " ind2=" " tag="752"><subfield code="a">United States</subfield><subfield code="b">Michigan</subfield><subfield code="c">Kent</subfield><subfield code="d">Forest Hills.</subfield></datafield><datafield ind1="0" ind2=" " tag="775"><subfield code="t">Cadence (East Grand Rapids, Mich.)</subfield><subfield code="w">(DLC)sn 96076838</subfield><subfield code="w">(OCoLC)35073526</subfield></datafield><datafield ind1="0" ind2="0" tag="785"><subfield code="t">Cadence (East Grand Rapids, Mich. : monthly ed.)</subfield><subfield code="w">(DLC)sn2002062257</subfield><subfield code="w">(OCoLC)new</subfield></datafield></record>